<record><leader>00000cas a22000007a 4500</leader><controlfield tag="001">13049029</controlfield><controlfield tag="008">860122d18961919utuwr ne      0    0eng d</controlfield><datafield ind1=" " ind2=" " tag="010"><subfield code="a">sn 86091027 </subfield></datafield><datafield ind1=" " ind2=" " tag="040"><subfield code="a">UNP</subfield><subfield code="b">eng</subfield><subfield code="c">UNP</subfield><subfield code="d">UBY</subfield><subfield code="d">OCLCQ</subfield><subfield code="d">OCLCF</subfield><subfield code="d">OCLCO</subfield></datafield><datafield ind1=" " ind2=" " tag="042"><subfield code="a">msc</subfield></datafield><datafield ind1=" " ind2=" " tag="043"><subfield code="a">n-us-ut</subfield></datafield><datafield ind1=" " ind2="4" tag="050"><subfield code="a">AN2.U8</subfield><subfield code="b">G73</subfield></datafield><datafield ind1="0" ind2=" " tag="130"><subfield code="a">Grand Valley times (Moab, Utah)</subfield></datafield><datafield ind1="1" ind2="0" tag="245"><subfield code="a">Grand Valley times.</subfield></datafield><datafield ind1=" " ind2=" " tag="260"><subfield code="a">Moab, Utah :</subfield><subfield code="b">J.N. Corbin,</subfield><subfield code="c">1896-1915.</subfield></datafield><datafield ind1=" " ind2=" " tag="300"><subfield code="a">45 v. :</subfield><subfield code="b">ill.</subfield></datafield><datafield ind1="0" ind2=" " tag="362"><subfield code="a">Vol. 1, no. 1 (May 30, 1896)-v. 45, no. 39 (Sept. 5, 1919).</subfield></datafield><datafield ind1=" " ind2=" " tag="500"><subfield code="a">"Devoted to the interests of the people of south-eastern Utah."</subfield></datafield><datafield ind1=" " ind2=" " tag="500"><subfield code="a">Extras issued Mar. 11, 1911 and Jan. 29, 1916.</subfield></datafield><datafield ind1=" " ind2=" " tag="525"><subfield code="a">Supplements accompany some issues.</subfield></datafield><datafield ind1=" " ind2=" " tag="580"><subfield code="a">Merged with: Independent (Moab, Utah), to form: Times-independent (Moab, Utah).</subfield></datafield><datafield ind1=" " ind2=" " tag="580"><subfield code="a">Printed at the same office for distribution in Monticello, Utah: San Juan record, Sept. 29, 1915-Sept. 1919. Cf. Alter, J.C. Early Utah journalism.</subfield></datafield><datafield ind1=" " ind2="0" tag="651"><subfield code="a">Moab (Utah)</subfield><subfield code="v">Newspapers.</subfield></datafield><datafield ind1=" " ind2="0" tag="651"><subfield code="a">Grand County (Utah)</subfield><subfield code="v">Newspapers.</subfield></datafield><datafield ind1=" " ind2="7" tag="655"><subfield code="a">Newspapers.</subfield><subfield code="2">fast</subfield><subfield code="0">(OCoLC)fst01423814</subfield></datafield><datafield ind1=" " ind2="7" tag="651"><subfield code="a">Utah</subfield><subfield code="z">Grand County.</subfield><subfield code="2">fast</subfield><subfield code="0">(OCoLC)fst01216311</subfield></datafield><datafield ind1=" " ind2="7" tag="651"><subfield code="a">Utah</subfield><subfield code="z">Moab.</subfield><subfield code="2">fast</subfield><subfield code="0">(OCoLC)fst01222717</subfield></datafield><datafield ind1=" " ind2=" " tag="752"><subfield code="a">United States</subfield><subfield code="b">Utah</subfield><subfield code="c">Grand</subfield><subfield code="d">Moab.</subfield></datafield><datafield ind1="1" ind2="7" tag="785"><subfield code="t">Independent (Moab, Utah)</subfield><subfield code="w">(DLC)sn 86091489</subfield><subfield code="w">(OCoLC)13703730</subfield></datafield><datafield ind1="1" ind2="7" tag="785"><subfield code="t">Times-independent (Moab, Utah)</subfield><subfield code="w">(DLC)sn 86091028</subfield><subfield code="w">(OCoLC)13049056</subfield></datafield><datafield ind1="1" ind2=" " tag="787"><subfield code="t">San Juan record</subfield><subfield code="w">(DLC)sn 86091029</subfield><subfield code="w">(OCoLC)13049109</subfield></datafield></record>